% Bibliografía
@techreport{BID2017,
  author       = {{Banco Interamericano de Desarrollo}},
  title        = {Informe sobre el costo de la criminalidad en América Latina},
  year         = {2017},
  institution  = {Banco Interamericano de Desarrollo},
  note         = {Informe}
}

@book{deas1995,
  author    = {Deas, Malcolm and Gaitán, Fernando},
  title     = {Dos ensayos especulativos sobre la violencia en Colombia},
  publisher = {Universidad Nacional de Colombia},
  year      = {1995}
}

@techreport{rubio2000,
  author    = {Levitt, Steven and Rubio, Mauricio},
  title     = {Understanding Crime in Colombia and What Can Be Done About It},
  institution = {Documento de trabajo, Universidad de Chicago/Fedesarrollo},
  year      = {2000}
}

@techreport{sanchez2001,
  author    = {Sánchez, Fabio and Núñez, Jairo},
  title     = {Determinantes del crimen violento en un país altamente violento: El caso de Colombia},
  institution = {CEDE, Universidad de los Andes},
  year      = {2001}
}

@techreport{rubio2003,
  author    = {Rubio, Mauricio},
  title     = {El rapto de la pesca milagrosa: breve historia del secuestro en Colombia},
  institution = {CEDE, Universidad de los Andes},
  number    = {2003-36},
  year      = {2003}
}

@techreport{acemoglu2009,
  author      = {Acemoglu, Daron and Robinson, James A. and Santos, Rafael J.},
  title       = {The Monopoly of Violence: Evidence from Colombia},
  institution = {National Bureau of Economic Research},
  number      = {Working Paper No. 15578},
  year        = {2009}
}

@techreport{bonilla2009,
  author      = {Bonilla Mejía, Liliana},
  title       = {Revisión de la literatura económica reciente sobre las causas de la violencia homicida en Colombia},
  institution = {Centro de Estudios Económicos Regionales, Banco de la República},
  number      = {Borrador de Economía Regional No. 114},
  year        = {2009}
}

@article{Bazzi2022,
  author    = {Samuel Bazzi and Robert A. Blair and Christopher Blattman and Oeindrila Dube and Matthew Gudgeon and Richard Peck},
  title     = {The Promise and Pitfalls of Conflict Prediction: Evidence from Colombia and Indonesia},
  journal   = {The Review of Economics and Statistics},
  volume    = {104},
  number    = {4},
  pages     = {764-779},
  year      = {2022},
  publisher = {MIT Press},
  doi       = {10.1162/rest_a_01016},
  url       = {https://doi.org/10.1162/rest_a_01016}
}

@article{acemoglu2013,
  author  = {Dube, Oeindrila and Vargas, Juan F.},
  title   = {Commodity Price Shocks and Civil Conflict: Evidence from Colombia},
  journal = {Review of Economic Studies},
  volume  = {80},
  number  = {4},
  pages   = {1384--1421},
  year    = {2013}
}

@article{angrist2008,
  author  = {Angrist, Joshua D. and Kugler, Adriana},
  title   = {Rural Windfall or a New Resource Curse? Coca, Income, and Civil Conflict in Colombia},
  journal = {Review of Economics and Statistics},
  volume  = {90},
  number  = {2},
  pages   = {191--215},
  year    = {2008}
}

@article{feldmann2009,
  author  = {Feldmann, Andreas E. and Hinojosa, Victor M.},
  title   = {Terrorism in Colombia: Logic and Sources of a Multidimensional and Ubiquitous Phenomenon},
  journal = {Terrorism and Political Violence},
  volume  = {21},
  number  = {1},
  pages   = {42--61},
  year    = {2009}
}

@article{sanchez2003,
  author  = {Bourguignon, François and Núñez, Jairo and Sánchez, Fabio},
  title   = {What part of the income distribution does inequality affect crime? The case of Colombia},
  journal = {Documentos CEDE, Universidad de los Andes},
  year    = {2003}
}

@book{rubio1995,
  author    = {Deas, Malcolm and Gaitán, Fernando},
  title     = {Dos ensayos especulativos sobre la violencia en Colombia},
  year      = {1995}
}

@techreport{rubio1999,
  author    = {Rubio, Mauricio},
  title     = {Crimen e impunidad: Precisiones sobre la violencia},
  institution = {Documento CEDE, Universidad de los Andes},
  year      = {1999}
}

@article{sanchez2005,
  author  = {Sánchez, Fabio and Chacón, Mario},
  title   = {Conflicto, Estado y descentralización: Del progreso social a la disputa armada por el control local, 1974–2002},
  journal = {Documentos CIDER, Universidad de los Andes/LSE},
  year    = {2005}
}

@techreport{idb2000,
  author    = {Rubio, Mauricio},
  title     = {La violencia en Colombia: dimensión, costos y estrategias},
  institution = {Banco Interamericano de Desarrollo},
  type      = {Documento de trabajo},
  year      = {2000}
}

@article{sanchez2001violent,
  author  = {Sánchez, Fabio and Núñez, Jairo},
  title   = {Determinantes del crimen violento en un país altamente violento: El caso de Colombia},
  journal = {Coyuntura Económica},
  year    = {2001}
}

@article{acemoglu2015,
  author  = {Dell, Melissa},
  title   = {Trafficking Networks and the Mexican Drug War (Referencia complementaria)},
  journal = {Review of Economic Studies},
  volume  = {80},
  number  = {4},
  pages   = {123--157},
  year    = {2015}
}
  
@techreport{rubioIADB2000,
  author    = {Rubio, Mauricio},
  title     = {La violencia en Colombia: dimensión económica y efectos sobre el desarrollo},
  institution = {Inter-American Development Bank},
  type        = {Documento de trabajo},
  year        = {1999}
}
  
@techreport{idb_rubio2000,
  author    = {Rubio, Mauricio},
  title     = {La Violencia en Colombia: Precisiones económicas},
  institution = {Inter-American Development Bank},
  type        = {Working Paper},
  year        = {2000}
}

@article{ZouHastie2005,
  author    = {Zou, Hui and Hastie, Trevor},
  title     = {Regularization and variable selection via the elastic net},
  journal   = {Journal of the Royal Statistical Society: Series B (Statistical Methodology)},
  volume    = {67},
  number    = {2},
  pages     = {301-320},
  year      = {2005}
}

@article{Breiman2001,
  author    = {Breiman, Leo},
  title     = {Random forests},
  journal   = {Machine Learning},
  volume    = {45},
  number    = {1},
  pages     = {5-32},
  year      = {2001}
}

@inproceedings{ChenGuestrin2016,
  author    = {Chen, Tianqi and Guestrin, Carlos},
  title     = {XGBoost: A scalable tree boosting system},
  booktitle = {Proceedings of the 22nd ACM SIGKDD International Conference on Knowledge Discovery and Data Mining},
  pages     = {785-794},
  year      = {2016}
}

@article{HochreiterSchmidhuber1997,
  author    = {Hochreiter, Sepp and Schmidhuber, Jürgen},
  title     = {Long short-term memory},
  journal   = {Neural Computation},
  volume    = {9},
  number    = {8},
  pages     = {1735-1780},
  year      = {1997}
}